3409 5675
217 484 293 534 ικιι
787 458 995 528 VORREDE.

223 665 283 713 τος
315 641 508 723 ἐγένοντο,
542 638 600 722 ούχ
628 637 700 699 ὅσον
731 633 788 698 ούκ
813 637 1065 720 ἐμνησικάκησεν,
1092 636 1173 698 ἀλλά
1199 637 1251 697 καλ
1276 634 1364 720 τιμὰς
1390 637 1443 698 καλ
1473 624 1587 720 ἀρχάς

225 769 349 833 amm
386 765 443 834 Ein
461 763 518 832 ιίοΙ
541 760 810 840 οιααθεπλίσθατεε,
836 759 927 829 mehr
944 760 987 829 im
1004 759 1104 830 Βειεθ
1129 755 1387 851 όυτυλιρεθιθτιοε
1402 758 1471 828 ΒὶΙά
1486 757 1577 853 jem

224 891 412 984 Eoe'gnim
432 890 517 982 giebt
539 889 622 958 Flnv.
644 886 795 980 loseph·
816 885 968 980 Απθηιιίι
983 883 1055 958 lud.
1078 889 1134 968 19,
1155 889 1168 954 λ
1190 882 1234 966 θ’..
1249 883 1306 954 der
1325 907 1362 954 ιιι
1378 884 1575 954 ύδετιιιιθνεο

223 1017 378 1110 ρατλάιιε
385 1015 609 1104 λίοτοολοωυιιφ
623 1013 717 1082 hatte.
736 1013 848 1083 zuent
859 1011 1010 1082 Ινατίσθιει
1022 1011 1163 1082 ἀεικελίου
1175 1013 1228 1089 Ιθ,
1243 1015 1272 1091 1,
1287 1008 1575 1090 15,ννίεάἱοάαυι-

224 1135 1575 1230 schembmehewdoeccaliguhimmtenmomentnoehdessmordungdoesdheu

221 1269 382 1361 gewiithet
399 1265 487 1347 habe,
510 1265 628 1334 welche
648 1263 745 1357 Ορίοτ
766 1264 818 1333 θιτ
830 1263 959 1356 ρείοΙΙοο
980 1264 1077 1345 scien,
1091 1262 1229 1332 νιάολαι
1246 1261 1420 1332 θοθτοολου
1441 1262 1487 1330 sie
1502 1283 1576 1330 νετ·

223 1393 334 1464 breim
355 1391 445 1464 habe.
484 1394 577 1461 Danu
600 1389 733 1460 heisten
756 1393 944 1472 19‚1‚202
970 1391 1003 1454 ἐν
1024 1391 1121 1476 τούτφ
1142 1390 1178 1454 δδ
1200 1391 1316 1476 βουλῆς
1327 1411 1360 1452 τε
1374 1389 1488 1471 γίνεται
1502 1391 1574 1452 σύν-

224 1523 296 1592 οδος
316 1521 367 1586 καὶ
389 1521 406 1584 ό
428 1521 533 1604 δῆμος,
555 1513 635 1604 ᾗπερ
655 1519 707 1580 καὶ
727 1517 870 1582 είύθασιν
896 1517 1117 1602 όκκλησιάόειν,
1141 1516 1194 1580 ἀπὶ
1210 1521 1266 1600 τῆς
1278 1514 1391 1597 ἀγορᾶς
1412 1515 1574 1589 καταστὰς,

227 1639 259 1702 ἐν
282 1641 405 1726 ζητήσει
422 1644 481 1704 τῶν
505 1639 647 1726 σφαγίων
668 1645 728 1706 τῶν
753 1640 847 1706 Γαίου
873 1639 969 1726 ἦσαν·
998 1641 1015 1702 ό
1043 1640 1099 1723 μδν
1129 1641 1227 1724 δῆμος
1251 1641 1302 1704 καί
1322 1642 1402 1704 πάνυ
1424 1641 1577 1723 ἐκθύμως,

226 1766 327 1832 δοκεῖν
351 1766 386 1830 δὲ
407 1767 457 1832 καὶ
478 1767 498 1850 ἡ
522 1767 630 1852 βουλή.
651 1803 693 1818 -
714 1767 766 1832 καὶ
785 1765 958 1852 προύθεσαν
981 1766 1016 1831 δδ
1030 1765 1084 1830 καὶ
1103 1764 1136 1827 οἱ
1154 1765 1261 1828 ύπατοι
1273 1765 1457 1850 διάγραμμα,
1481 1764 1578 1828 Γαΐου

226 1890 281 1974 μἐν
305 1891 485 1976 κατηγορίας
504 1891 694 1976 ποιούμεναι,
713 1891 892 1962 κελεύοντες
913 1891 950 1955 δὲ
968 1894 1012 1976 τῷ
1027 1889 1094 1954 τότε
1116 1891 1205 1976 δήμφ
1225 1891 1278 1954 καὶ
1301 1894 1367 1960 τοῖς
1385 1891 1578 1974 στρατιώταις

226 2015 275 2080 ἐπὶ
295 2015 332 2080 τά
355 2015 454 2080 αὑτῶν
478 2015 608 2096 ἀπιέναι,
628 2021 672 2102 τῷ
689 2016 744 2101 μὲν
768 2018 856 2101 δήμῳ
877 2017 995 2100 πολλὴν
1019 2013 1155 2085 ἀνέσεως
1177 2015 1435 2099 ἐπαγγελλόμενοι
1456 2015 1578 2090 ἐλπιδα,

223 2145 267 2226 τῷ
287 2145 488 2228 στρατιωτικῷ
502 2141 540 2206 δὶ
558 2145 662 2228 τιμῶν,
689 2141 719 2206 εἰ
746 2141 780 2204 ἐν
801 2141 907 2228 κύσμιρ
935 2140 1070 2224 μείνειαν
1096 2143 1140 2226 τῷ
1162 2139 1293 2219 εἰωθότι,
1319 2141 1413 2226 μηδὲν
1443 2141 1575 2228 ὑβρίζειν

226 2265 415 2352 ἐξαγόμενοι.
442 2242 529 2340 δάος
548 2272 619 2352 γάρ
640 2265 683 2350 ην
707 2268 754 2352 μὴ
778 2266 1090 2350 ἐξαγριωσάντων
1112 2265 1348 2330 ἀπολαύσειε
1368 2271 1434 2330 τού
1455 2269 1576 2330 κακού

225 2391 388 2476 ἡπόλις,
411 2392 491 2456 καθ’
517 2392 685 2476 άρπαγάς
713 2391 832 2457 αὐτῶν
860 2392 921 2456 καὶ
948 2393 1130 2478 συλήσεις
1154 2396 1226 2456 τῶν
1254 2392 1369 2476 ἱερῶν
1393 2392 1577 2476 τρεπομύ·

227 2538 309 2582 νων.
348 2516 465 2584 Ἑσττιστ
486 2519 542 2598 Ῑθ,
560 2517 594 2598 2,
617 2518 650 2584 l:
684 2517 716 2582 ἐν
748 2519 845 2604 τούτῳ
884 2518 919 2582 δδ
957 2516 1053 2582 όντων
1091 2521 1151 2582 τῶν
1188 2519 1382 2603 πραγμάτων,
1425 2518 1576 2604 αἰφνίδιον

226 2643 391 2726 ἁρπάζεται
423 2638 576 2713 Κλαύδιος
608 2643 643 2706 ἐκ
672 2648 726 2728 τῆς
758 2643 864 2713 οίκίας.
906 2643 936 2706 οἱ
955 2643 1013 2728 γάρ
1042 2646 1215 2727 στρατιῶται
1246 2641 1377 2706 συνύδου
1409 2641 1579 2726 γενομένης

227 2767 327 2832 αύτῶν
350 2767 496 2853 ἀλληλοις
518 2769 568 2830 καλ
591 2765 693 2841 αύτοῖς
714 2769 804 2853 λόγον
833 2767 937 2840 δόντες
962 2770 1032 2855 περὶ
1057 2772 1120 2840 τοῖς
1145 2766 1303 2853 ποιητέοις,
1333 2769 1439 2854 ἑώρων
1463 2771 1579 2853 δημο-

227 2895 384 2979 κρατίαν
422 2893 605 2957 ἀδύνατόν
641 2916 679 2958 τε
715 2894 754 2958 όν
791 2895 954 2980 ἐγκρατῆ
989 2896 1157 2959 τοσῶνδε
1192 2893 1236 2958 ἄν
1272 2917 1361 2957 ποτε
1395 2894 1579 2975 γενέσθαι

227 3020 472 3105 πραγμάτων,
496 3018 671 3103 ἐξικομένην
694 3042 726 3083 τε
749 3019 804 3084 ούκ
826 3020 872 3083 ἐπ’
903 3020 1010 3107 ἀγαθῷ
1025 3022 1069 3105 τῷ
1094 3019 1191 3083 αὐτῶν
1219 3018 1362 3102 γενέσθαι
1385 3022 1439 3105 τἠν
1468 3020 1579 3104 ἀρχήν,

231 3143 291 3209 εἴτε
312 3165 355 3212 τις
373 3148 433 3206 τῶν
463 3144 495 3207 ἐν
525 3144 606 3229 ἀρχῇ
632 3146 816 3229 κατασχήσοι
841 3146 895 3229 την
923 3146 1099 3229 ἡγεμονίαν,
1128 3144 1172 3214 είς
1196 3145 1293 3207 πάντα
1320 3145 1454 3229 λυπηρόν
1477 3144 1581 3214 αὐτοῖς

231 3267 309 3332 εἶναι
331 3268 374 3353 μὴ
395 3266 431 3331 ού
454 3272 610 3353 συνεργοῖς
636 3274 688 3352 τῆς
716 3268 813 3355 ἀρχῆς
832 3273 1003 3334 καταστᾶσι
1045 3273 1148 3340 καλῶς
1173 3266 1228 3332 ούν
1258 3267 1352 3355 ἔχειν,
1381 3271 1509 3354 ἀκρίτων
1535 3269 1581 3333 ἔτι

230 3391 327 3456 ὄντων
356 3396 415 3455 τῶν
442 3394 636 3479 πραγμάτων,
663 3392 800 3478 ἡγεμόνα
829 3396 980 3479 αἱρεῖσθαι
1006 3392 1171 3473 Κλαύδιον,
1202 3396 1329 3479 πάτρωά
1359 3419 1392 3458 τε
1425 3395 1497 3459 όντα
1524 3401 1580 3459 τού

230 3516 406 3595 τεθνεῶτος,
429 3520 558 3583 καὶτῶν
582 3519 627 3589 είς
646 3520 699 3603 τὴν
723 3521 837 3607 βουλὴν
861 3520 1095 3605 συλλεγομένων
1122 3519 1249 3590 ούδενδς
1275 3519 1394 3590 οὗτινος
1414 3521 1473 3585 ούκ
1497 3522 1580 3591 ἀξιο-

232 3642 412 3726 λογώτερον,
438 3644 595 3727 προγόνων
624 3667 657 3708 τε
685 3644 778 3730 ἀρετῇ
805 3648 857 3710 καὶ
888 3650 948 3708 τῶν
983 3645 1061 3708 κατά
1091 3647 1144 3729 την
1171 3645 1311 3709 παιδείαν
1341 3647 1580 3731 μεμελετηκότα,

231 3767 283 3832 καλ
315 3764 461 3829 σταθέντα
492 3767 698 3855 αὐτοκράτορα
722 3773 857 3856 τιμήσειν
885 3794 918 3835 τε
945 3770 982 3833 τὰ
1010 3770 1111 3835 είκύτα
1138 3772 1190 3833 καὶ
1222 3771 1408 3857 ἀμείψεσθαι
1438 3773 1580 3857 δωρεαῖς.

231 3896 324 3961 ταῦτα
346 3892 538 3953 διανοοῦνταί
555 3914 588 3955 τε
609 3896 659 3958 καὶ
682 3894 813 3981 ἔπραξαν
838 3897 873 3960 ἐκ
893 3901 946 3959 τού
961 3900 1161 3981 παραχρῆμα.
1185 3898 1319 3980 ἥρπαστο
1343 3898 1398 3980 μὲν
1421 3899 1459 3981 δη
1475 3895 1581 3961 Κλαύ·

232 4020 296 4087 διες
317 4015 374 4079 ὑπὸ
395 4018 448 4077 τού
471 4024 687 4098 στρατιωτικοῦ.
729 4020 835 4091 nimos
863 4020 1020 4113 Ereigniss
1042 4018 1122 4089 wird
1149 4020 1372 4089 ausfiihrlicher
1399 4022 1584 4113 goechssdert

237 4145 292 4223 19,
311 4144 343 4224 3,
366 4145 395 4210 l.
415 4141 447 4207 θ.
481 4138 669 4209 Βοττιαίαν
685 4164 732 4211 es:
753 4147 835 4209 τότε
857 4147 900 4210 δδ
920 4147 1050 4216 πτοίας
1071 4147 1345 4231 κατειληφυίας
1371 4144 1433 4209 τόν
1461 4146 1581 4235 όχλον

232 4271 380 4333 καὶτοῦ
410 4267 609 4353 βασιλείου
635 4269 773 4340 παντὸς
804 4277 1077 4357 στρατιωτικῆς
1109 4270 1248 4355 μανίας
1274 4272 1451 4335 ἀνάπλεω
1477 4297 1582 4358 γεγο·

238 4396 344 4469 νότος
379 4402 430 4465 καὶ
451 4400 563 4473 δειλίας
586 4404 637 4469 καὶ
658 4402 779 4474 ἀταξίας
806 4406 931 4469 ἰδιωτῶν
959 4406 1024 4471 οἷον
1052 4407 1261 4491 ἀπειληφότων
1290 4407 1571 4491 σωματοφυλάκων,

238 4522 272 4587 οί
292 4525 376 4609 περὶ
396 4523 433 4588 τδ
455 4528 701 4613 στρατηγικὸν
724 4528 973 4613 καλούμενοι,
995 4530 1086 4615 ὅπερ
1108 4532 1185 4595 ἐστὶ
1204 4536 1268 4613 τῆς
1290 4534 1466 4615 στρατιᾶς
1487 4528 1574 4591 καθ·

237 4647 443 4731 αριύτατον,
472 4650 504 4713 ἐν
533 4652 631 4737 βουλῇ
657 4653 725 4737 περὶ
750 4657 812 4723 τοῖς
832 4654 989 4738 πρακτέοις
1008 4654 1094 4740 ἦσαν.
1132 4655 1237 4717 όπόσοι
1258 4656 1293 4717 δὲ
1314 4657 1365 4717 καλ
1385 4656 1573 4739 παρετύγχα-

238 4788 301 4849 νον,
322 4770 374 4853 τὴν
397 4773 452 4855 μδν
476 4772 568 4837 Γαίου
589 4778 788 4861 τιμωρίανάν
812 4778 905 4865 όλίγιμ
925 4778 1077 4863 τιθέμενοι
1099 4779 1149 4843 διά
1168 4779 1200 4840 τό
1223 4778 1299 4841 κατὰ
1314 4779 1397 4860 δίκην
1420 4778 1502 4863 αύτῷ
1518 4778 1574 4845 τάτ

237 4894 329 4981 τύχας
349 4896 514 4963 συνελθεῖν,
543 4900 615 4965 τάδε
642 4902 709 4984 περὶ
738 4902 847 4973 αύτούς
874 4903 1093 4966 ἀνεσκοποῦντο
1122 4904 1249 4986 μᾶλλον,
1277 4902 1311 4965 δν
1333 4902 1441 4983 τρόπον
1464 4903 1573 4985 σχήσοι

117 5248 259 5317 Α
