3409 5675
256 516 385 569 oxxxn
478 561 481 570 ,
830 494 1040 560 VORREDE.

256 675 294 746 od
319 674 428 761 Quint,
452 674 534 742 [πεῖν.
564 673 597 754 3,
624 674 645 739 2
672 674 761 740 elnon
794 674 892 741 bonus
918 688 944 740 et
969 672 1107 740 emrditus
1134 672 1305 739 adolescens
1326 673 1443 752 neom,
1469 669 1535 739 und
1562 694 1627 739 von

255 804 326 874 dem
351 826 385 872 er
409 810 493 894 sagt‚
518 799 587 869 dass
613 823 648 867 er
672 798 732 867 den
758 798 924 869 Memmius
949 802 988 869 de
1011 799 1130 868 ambitu
1160 798 1325 890 angellugt
1351 796 1438 867 holte.
1490 800 1540 867 Da
1565 796 1627 865 der

254 931 342 1001 Briel
356 932 427 1000 699
454 924 653 1020 geschrieben
679 926 728 1007 ist,
753 948 788 995 so
815 924 894 995 wlrd
916 925 1005 1017 jener
1031 929 1070 1010 Ο.
1090 926 1213 997 Curtius
1239 924 1422 996 schwerlich
1446 923 1499 995 dos
1525 925 1625 994 Pn'n-

254 1060 334 1152 ciput
368 1056 422 1136 des
451 1058 611 1147 Augustus
646 1052 788 1123 iiherlebt
817 1050 928 1121 huben.
960 1094 1012 1105 —
1048 1055 1166 1122 Feruor
1193 1051 1271 1121 wird
1310 1076 1368 1121 von
1407 1053 1503 1122 Tacit,
1533 1054 1622 1121 Ann.
1666 1024 1667 1029 ἵ

260 1190 315 1265 ll,
333 1187 380 1253 20
408 1183 457 1251 ein
483 1180 652 1265 Curtius¹
668 1180 790 1251 Rulus
815 1190 962 1271 genennt,
981 1178 1036 1249 der
1053 1203 1122 1249 vom
1139 1183 1311 1273 Imperator
1336 1178 1517 1249 Claudius
1545 1182 1621 1249 800

255 1312 305 1381 die
331 1312 469 1400 insipniu
485 1310 633 1401 triumphi
658 1307 795 1375 erholten
815 1305 904 1388 hoho,
931 1306 995 1375 und
1021 1305 1102 1375 donn
1129 1305 1206 1375 iiber
1231 1305 1395 1375 denselben
1423 1328 1449 1375 c.
1469 1308 1511 1376 21
1543 1330 1621 1375 ous-

255 1437 388 1509 tohrtich
414 1434 578 1504 berichtet:
603 1437 652 1503 De
674 1431 792 1525 oripine
812 1436 934 1503 Curtii
951 1435 1061 1527 Rufi,
1090 1457 1180 1525 quem
1196 1435 1371 1525 plodiotore
1387 1435 1524 1524 penitum
1542 1436 1621 1526 qui-

255 1569 329 1635 dum
344 1566 515 1657 prodidere,
533 1586 630 1655 neque
644 1565 730 1655 falsu
741 1563 962 1654 prompserim,
985 1576 1012 1631 et
1027 1586 1102 1631 uero
1119 1564 1231 1653 exequi
1251 1564 1353 1653 pudet.
1409 1564 1620 1652 Postquam

131 1750 138 1757 .
256 1693 443 1771 adolevit,
467 1705 594 1760 sectator
617 1691 801 1781 quaestoris,
828 1690 879 1757 eui
896 1691 1004 1795 Africo
1020 1692 1184 1781 obtiperot,
1211 1692 1288 1759 dum
1312 1690 1347 1758 in
1372 1689 1483 1782 oppido
1506 1690 1620 1758 Adru-

254 1836 330 1890 meto
342 1820 449 1887 voreris
461 1842 520 1911 per
537 1818 676 1886 medium
692 1818 754 1885 diei
767 1817 935 1907 porticibus
951 1831 1079 1885 secretus
1097 1818 1204 1907 opitut,
1223 1774 1328 1886 dioto
1341 1818 1369 1885 ei
1380 1818 1489 1909 speeies
1501 1818 1619 1885 mulie-

218 1962 231 1995 *
254 1949 316 2018 bris
332 1950 418 2016 ultro
434 1948 563 2014 modum
579 1946 763 2025 humanum,
780 1958 807 2011 et
824 1945 990 2012 auditaest
1005 1968 1085 2011 vom:
1105 1956 1145 2011 'tu
1162 1968 1200 2023 es,
1220 1945 1310 2035 Rufe,
1330 1946 1385 2035 qui
1396 1944 1523 2013 in'leont
1534 1968 1619 2034 pro-

254 2076 387 2144 uinciam
404 2072 606 2163 proconsule
628 2072 736 2139 venies.
793 2071 862 2138 Tuli
887 2071 988 2138 omine
1012 2070 1047 2139 in
1071 2094 1154 2161 spem
1178 2073 1319 2140 sublatus
1344 2073 1558 2163 dipresstuque
1582 2071 1620 2137 in

254 2203 370 2279 urbere,
387 2213 415 2267 et
431 2198 593 2288 turpilione
610 2198 791 2275 amicorum,
816 2197 935 2265 simul
961 2198 1046 2265 ueri
1071 2198 1243 2287 inpenio,
1270 2212 1480 2288 quaesturam,
1498 2212 1523 2266 et
1539 2221 1620 2266 mooe

256 2327 370 2397 nobiles
385 2326 464 2393 inter
480 2324 659 2393 candidulos
674 2338 857 2413 praeturum
869 2323 1019 2415 principis
1035 2324 1186 2418 suffragio
1205 2325 1385 2415 adsequitur
1389 2350 1402 2405 ,·
1420 2308 1518 2416 'quum
1534 2325 1618 2393 lrisce

254 2454 366 2524 uerbis·
381 2455 410 2521 Τ
409 2452 567 2521 iberius.
587 2453 716 2519 dedecere
740 2452 895 2520 natalium
921 2451 986 2520 eius
1011 2452 1185 2521 uelauisset:
1214 2453 1335 2521 (lortius
1360 2453 1464 2543 Rufus
1493 2452 1618 2520 uidetur

254 2582 330 2650 milei
346 2604 385 2648 ex
400 2604 432 2649 se
446 2594 548 2649 natm.
590 2580 702 2669 Lonpo
714 2593 784 2670 post
799 2578 874 2647 loeo
889 2594 1017 2660 senecta,
1037 2593 1064 2647 et
1080 2580 1228 2649 adversus
1244 2579 1415 2670 superiores
1432 2579 1509 2648 tristi
1527 2580 1617 2647 odu-

256 2708 376 2786 lotione,
394 2730 547 2797 arrepens
563 2706 745 2787 minoribus,
762 2708 840 2775 inter
851 2680 947 2798 pares
963 2706 1105 2799 difficilis,
1130 2708 1292 2775 consulere
1308 2706 1482 2797 imperium,
1498 2706 1616 2774 trium-

254 2837 307 2927 plti
323 2834 459 2925 iruipm'o
482 2858 520 2902 oo
534 2847 683 2925 postremo
699 2833 840 2925 Africum
862 2834 1009 2903 obtinuit:
1035 2849 1125 2925 atque
1141 2834 1187 2902 ibi
1209 2835 1378 2926 defunctus,
1399 2834 1496 2926 fatale
1512 2857 1616 2924 proe-

255 2963 378 3053 supium
403 2961 545 3052 impleuit.
596 2963 667 3030 Von
697 2958 874 3029 demselben
904 2959 1020 3053 spn'eht
1044 2959 1159 3029 Plinius
1189 2959 1315 3053 Epistol.
1346 2963 1377 3041 l,
1402 2961 1466 3030 27:
1503 2962 1616 3030 Tenuis

258 3091 359 3159 odlue
375 3104 402 3158 et
417 3091 562 3157 obscurrn
586 3086 730 3177 (Curtius
747 3086 867 3179 Rufus)
891 3088 1033 3156 obtinenti
1055 3088 1195 3178 Africum
1217 3111 1314 3157 eomes
1337 3089 1493 3158 hamunt:
1519 3089 1616 3157 ineli-

258 3231 330 3285 nuto
347 3217 397 3284 die
412 3216 606 3306 spatiabatur
621 3216 656 3283 in
668 3215 808 3306 porticu:
833 3215 1018 3310 offerebatur
1034 3214 1062 3283 ei
1078 3215 1217 3283 mulieris
1230 3215 1335 3306 fipuro
1352 3216 1494 3284 humano
1511 3237 1611 3307 prun-

260 3343 331 3411 dior
347 3358 375 3411 et
384 3342 561 3435 pulchrior:
581 3342 750 3433 perterrito,
768 3341 907 3433 Africam
923 3365 963 3420 se,
978 3344 1160 3433 futurorum
1171 3341 1403 3433 praenuntium,
1422 3342 1521 3411 diuite
1545 3343 1615 3412 itu-

259 3493 331 3538 rum
347 3469 427 3537 enim
444 3470 577 3537 Romam
598 3469 784 3558 honoresque
805 3481 1008 3558 pestoturum,
1036 3483 1126 3559 atque
1149 3469 1241 3537 etiam
1258 3492 1327 3536 eum
1345 3491 1466 3538 summo
1483 3469 1616 3562 imperio

260 3598 295 3666 in
320 3597 446 3664 eundem
466 3596 661 3686 provinciam
684 3617 878 3664 reuersurum
903 3595 1005 3686 ilique
1029 3579 1225 3664 moriturum.
1277 3597 1376 3666 Fortu
1400 3611 1472 3666 sunt
1494 3598 1614 3666 omnio.

262 3725 425 3792 l’roetereo
450 3723 597 3791 accedenti
617 3722 831 3811 dortlropinem
857 3721 1077 3812 epredientipue
1102 3743 1181 3792 noue
1206 3722 1313 3794 eudon
1335 3723 1441 3814 fipuro
1465 3725 1500 3793 in
1526 3725 1617 3794 litore

263 3849 427 3920 occurrisse
443 3862 601 3918 narratur.
651 3848 719 3939 lpse
741 3861 815 3916 certe
837 3847 1000 3940 implicitus
1017 3849 1140 3929 morbo,
1155 3849 1266 3938 futuro
1277 3850 1459 3940 praeteritis,
1479 3853 1617 3922 aduersu

264 3976 402 4048 semndis
428 3990 616 4066 oupurotns,
642 3999 723 4067 spem
747 3975 871 4054 solutis,
897 3976 983 4044 nullo
1005 3998 1134 4044 suorum
1159 3977 1342 4068 desperume
1362 3977 1497 4069 proiecit
1548 3979 1618 4048 Dus

264 4102 467 4174 Munnoeulter
498 4098 620 4171 dieses
646 4100 805 4171 Curtius
830 4099 951 4170 Rulus
981 4123 1065 4170 muss
1095 4101 1175 4171 nach
1204 4102 1297 4194 jenen
1322 4102 1472 4196 Angoben
1499 4103 1532 4173 in
1564 4103 1620 4172 die

266 4228 514 4323 Regiemngszeit
528 4228 581 4298 des
607 4226 802 4309 Tiberius,
828 4228 1006 4320 Caligula
1034 4227 1096 4298 und
1113 4228 1298 4300 Claudius
1323 4230 1452 4323 gelollen
1468 4229 1544 4300 seio.
1562 4271 1620 4284 -

266 4355 397 4429 Eudlich
421 4354 523 4425 finden
548 4355 606 4424 wir
631 4354 662 4422 in
686 4353 757 4423 dem
781 4354 1134 4464 lunello-Vermicuniss
1159 4356 1213 4427 des
1228 4357 1350 4427 Buches
1376 4361 1413 4428 de
1429 4359 1523 4429 eloris
1538 4362 1635 4451 rlre-¹

267 4487 382 4556 toribus
406 4507 464 4553 von
489 4483 662 4565 Suetonius,
687 4504 746 4551 von
770 4482 920 4552 welehem
936 4484 1024 4553 Buch
1049 4483 1245 4555 bekanntliclr
1270 4509 1330 4555 nur
1355 4483 1404 4553 die
1429 4495 1530 4556 ersten
1549 4489 1619 4559 Ca-

268 4612 340 4706 pitol
364 4611 500 4682 erhelten
515 4609 599 4694 sind,
624 4609 713 4680 einen
747 4610 895 4680 Rhetor
920 4613 959 4694 Ο.
986 4611 1148 4682 Curtius
1173 4611 1294 4683 llulus
1324 4611 1506 4705 nulgelirhrt,
1549 4615 1620 4686 Dus
1666 4607 1667 4612 ¹

269 4738 476 4811 Veneiohoiss
501 4737 628 4831 bep'not
643 4738 700 4807 mit
722 4740 758 4807 L.
784 4737 932 4807 Plotius
957 4739 1105 4824 Gallus,
1138 4740 1193 4811 der
1216 4739 1365 4812 wiihrend
1391 4739 1446 4810 der
1470 4741 1620 4834 lugend-

245 4867 355 4960 -johre
379 4868 548 4938 Cicero‘s
578 4889 615 4934 zu
640 4864 744 4934 lehren
770 4865 890 4957 onfing,
915 4864 979 4936 und
1004 4867 1140 4940 schliesst
1165 4870 1221 4939 mit
1250 4869 1292 4940 M.
1319 4866 1460 4940 Fabius
1486 4869 1619 4954 Quin-
