3409 5675
127 558 441 645 0.(11111111111111
458 562 584 631 X.XX.
603 560 1313 631 luat.lalaxxtauatantuua.
1366 562 1439 631 stt

52 746 165 829 dam,
189 746 347 832 pauciores
364 745 526 817 Perdiccae
552 745 805 817 assentiebantur.
858 749 940 817 Tum
963 747 1128 816 Aristonus
1153 769 1240 816 orsus
1256 756 1304 817 est
1327 746 1442 832 dicere,

53 872 290 944 Alexandrum
320 874 511 957 consultum,
542 872 592 943 cui
618 873 803 968 relinqueret
828 896 976 965 regnum,
1006 874 1136 943 voluisse
1160 874 1311 966 optimam
1338 874 1440 968 deligi.

54 998 248 1069 ludicatum
264 1008 368 1070 autem
386 998 426 1070 ab
442 1000 508 1093 ipsa
525 998 675 1093 optimum
692 1000 886 1086 Perdiccam,
909 1004 959 1072 cui
976 1002 1104 1072 anulum
1119 1000 1302 1072 tradidisset.
1346 997 1441 1073 ¹⁷Ne·

53 1150 137 1222 que
155 1125 238 1197 enim
254 1150 353 1198 anum
370 1150 443 1198 eum
460 1126 606 1199 assedisse
623 1128 780 1211 morienti,
804 1128 859 1199 sed
881 1129 1148 1199 circumferentem
1165 1130 1270 1201 aurias
1291 1151 1333 1199 ex
1348 1128 1441 1199 turba

56 1254 247 1323 amicorum
265 1253 424 1347 delegisse,
441 1254 490 1324 cui
502 1253 645 1325 traderet.
697 1255 822 1326 Placere
838 1255 944 1347 igitur,
960 1279 1115 1327 summam
1128 1256 1247 1349 imperii
1260 1254 1300 1326 ad
1312 1256 1440 1327 Perdic-

57 1404 144 1451 cam
161 1379 282 1450 deierai.
326 1374 420 1452 ¹⁸Nsc
436 1379 623 1465 dubitavere,
640 1381 714 1476 quin
732 1405 802 1452 vera
819 1393 967 1453 censeret
1007 1385 1114 1477 ltaque
1126 1381 1258 1452 universi
1275 1383 1443 1477 procedere

58 1509 102 1578 in
124 1507 262 1577 medium
281 1507 458 1579 Perdiccam
481 1519 513 1578 et
535 1508 617 1601 regis
633 1508 761 1579 anrrlum
783 1510 892 1579 tallere
909 1508 1067 1580 iubebant.
1110 1510 1268 1579 Haerebat
1283 1511 1364 1581 iuter
1381 1534 1440 1581 cu-

61 1634 233 1729 piditatem
251 1633 472 1730 pudoremque,
489 1645 521 1705 et
537 1658 599 1729 quo
617 1633 793 1718 modestius,
811 1634 895 1731 (qaod
911 1635 1102 1729 expectabat,
1120 1646 1286 1730 appeteret,
1301 1637 1440 1729 pervica-

63 1762 143 1831 cius
160 1761 316 1832 oblaturos
332 1784 399 1832 esse
415 1760 568 1832 madebat
620 1764 728 1858 ltaque
745 1772 915 1865 cunctatrrs,
933 1761 1059 1857 dinque,
1071 1761 1145 1857 quid
1163 1772 1278 1855 ageret,
1296 1763 1441 1847 incertus,
1478 1816 1482 1823 .

62 1889 113 1958 ad
132 1890 275 1959 ultimum
293 1900 397 1959 tamen
414 1888 548 1972 recessit,
566 1900 683 1983 etpost
699 1912 761 1973 eos,
780 1890 832 1984 qui
849 1888 992 1959 sederant
1008 1889 1152 1983 proximi,
1170 1889 1313 1961 constitit.

126 2019 212 2087 XXl.
247 2010 324 2086 ²⁰At
340 2018 505 2110 Meleager,
528 2040 608 2087 unus
631 2014 805 2098 edacibus,
826 2016 1008 2086 confirmato
1025 2016 1144 2099 animo,
1168 2040 1262 2111 quem
1279 2015 1442 2087 Perdiccae

65 2144 229 2213 cunctatio
254 2154 409 2227 erexerat,
443 2146 509 2215 Nee
533 2146 580 2215 dii
604 2146 718 2225 sierint,
745 2144 861 2239 inquit,
887 2159 923 2213 ut
946 2146 1123 2213 Alexandri
1149 2145 1280 2236 sartum
1305 2146 1441 2237 tantique

62 2273 164 2365 requi
177 2273 341 2365 fastipiunr
357 2274 390 2342 in
407 2273 479 2343 istas
500 2274 643 2342 humens
659 2286 752 2341 ruat:
773 2271 911 2341 homines
935 2284 1011 2339 certe
1032 2294 1095 2339 nan
1114 2273 1220 2363 sercin
1264 2273 1356 2341 Nubil
1372 2273 1440 2341 dno

65 2402 111 2469 de
130 2400 342 2479 nobilioribus,
361 2424 458 2492 quum
475 2401 524 2469 bic
541 2415 590 2481 est,
608 2402 662 2469 sed
675 2402 712 2469 de
729 2399 804 2467 viris
823 2412 954 2477 tantum,
980 2398 1094 2489 quibus
1114 2397 1218 2466 inuitis
1234 2400 1314 2468 nibil
1323 2400 1441 2491 perpeti

65 2549 192 2595 necesse
207 2540 258 2596 est.
301 2519 399 2596 21Νιιι
414 2550 486 2595 uero
503 2527 633 2608 imerest,
659 2528 807 2595 Rusones
821 2525 940 2618 filiurn,
967 2526 1155 2616 quandoque
1171 2526 1291 2614 sendus
1307 2526 1374 2607 erit,
1398 2550 1442 2595 on

67 2652 256 2723 Perdiccam
267 2676 369 2745 repent
382 2655 529 2735 lubeatis,
549 2677 647 2744 quum
658 2654 711 2723 iste
723 2653 781 2723 sub
795 2653 907 2721 tutelae
922 2652 1017 2742 specie
1028 2674 1161 2741 rcqnurn
1173 2666 1381 2743 occupaturus
1392 2655 1440 2723 sit

68 2780 186 2872 Itaque
202 2805 290 2852 nemo
316 2782 344 2852 ei
360 2805 418 2852 rec
432 2782 539 2873 placet,
566 2782 628 2851 nisi
654 2780 709 2873 qui
726 2782 866 2850 nondum
883 2792 976 2849 natus
992 2792 1050 2859 est,
1076 2792 1104 2848 et
1128 2778 1162 2848 in
1187 2792 1273 2849 muta
1300 2780 1441 2850 omniurn

66 2909 281 3000 festinatione,
308 2933 371 2979 non
387 2909 470 2979 iusta
486 2911 594 2990 modo,
618 2909 672 2978 sed
689 2885 781 2978 etiarn
797 2907 985 2984 necessaria,
1009 2921 1131 2976 eccum
1147 2929 1262 2976 menses
1278 2910 1363 2978 solers
1380 2933 1439 2977 cc-

63 3049 180 3126 pectut,
199 3049 227 3106 et
241 3036 308 3104 ίαιιι
319 3037 441 3106 divinat
451 3058 571 3104 marem
583 3059 643 3104 esse
663 3049 854 3126 conceptum
881 3057 971 3124 quern
987 3057 1041 3102 aas
1058 3032 1199 3103 dubitetis
1213 3050 1362 3126 paratum
1379 3059 1440 3105 esse

70 3164 126 3231 vel
140 3164 277 3232 subdere.
327 3155 396 3232 ”Si
412 3163 622 3256 nudiusfidt'us
634 3163 813 3231 Alcncnder
825 3162 908 3230 bunc
924 3160 1012 3229 nobis
1023 3184 1125 3251 repens
1137 3184 1199 3251 pro
1217 3186 1248 3231 se
1259 3163 1439 3253 reliquisset,

70 3291 109 3358 id
127 3290 357 3370 coloncellis,
376 3313 457 3381 qasae
473 3291 657 3381 imperasset,
675 3311 738 3358 non
758 3288 940 3380 faciendum
956 3311 1018 3356 esse
1034 3311 1192 3357 censerem.
1235 3281 1262 3322 ²³
1272 3289 1359 3374 Ouiu
1374 3289 1438 3381 iqi-

71 3433 130 3486 tur
146 3419 189 3486 ud
207 3417 393 3509 diripiendos
410 3416 568 3486 datuurus
591 3415 789 3486 discurritis?
814 3415 931 3483 nomm
947 3415 1029 3483 eninr
1045 3437 1140 3505 οριιιιι
1154 3416 1316 3505 sepiarum
1331 3416 1440 3507 utiqree

69 3544 209 3636 populus
226 3558 267 3612 est
282 3545 376 3614 berea.
419 3536 538 3612 ²⁴Hasta
551 3543 713 3638 eloquatus
731 3563 786 3634 per
798 3538 916 3609 medios
928 3551 1061 3609 mmatos
1074 3540 1184 3634 erupit,
1201 3552 1234 3611 ct
1246 3540 1299 3636 qui
1313 3539 1438 3610 abeunti

72 3670 156 3738 viam
174 3668 329 3753 dederant,
347 3670 447 3762 ipsum
465 3668 504 3739 ad
521 3669 748 3764 pronuntiatam
767 3666 913 3761 praedam
930 3665 1148 3762 sequebantur.
1288 3675 1296 3682 “

73 3854 239 3902 censueritis.
274 3853 441 3914 manaan
461 3859 587 3915 pertrans
608 3853 647 3900 tta
667 3865 731 3900 con-
782 3849 853 3900 Letd.
874 3849 953 3898 Voss.
973 3850 995 3897 1.
1031 3847 1088 3897 Aue
1108 3847 1137 3896 11.
1155 3851 1188 3897 1.ι
1213 3850 1317 3904 stnont,
1343 3847 1397 3897 Pal.
1414 3849 1436 3896 1.

73 3923 154 3979 acuit,
171 3926 201 3969 ut
216 3934 259 3979 so,
278 3922 347 3985 quod
363 3921 504 3969 ccrsrus'sset
521 3925 639 3977 auratus,
663 3925 731 3967 rto·
782 3917 901 3966 Theocr.:
912 3917 1007 3978 suant,
1019 3915 1097 3964 Voss.
1108 3915 1145 3964 2:
1162 3916 1251 3978 tenent
1262 3917 1297 3964 ist
1308 3915 1393 3963 nicbts
1405 3927 1437 3964 zu

74 3995 173 4038 retur.
201 3987 285 4050 Vergl.
295 3989 374 4038 Dral.
388 3987 419 4038 ad
429 3988 484 4038 btv.
496 3989 552 4047 1,(1,
562 3986 586 4035 a.
604 3986 645 4046 21,
658 3984 730 4044 ttl,4.
782 3983 935 4033 schliessen.
964 3983 1018 4031 Far
1029 3983 1155 4044 dievntg.
1168 3983 1204 4031 ist
1215 3982 1374 4031 anzatttaren
1387 3993 1436 4032 aas

112 4081 206 4140 10‚20‚
219 4082 258 4131 ιθ,
292 4085 469 4134 pmqm,
487 4085 519 4130 sq·
533 4080 648 4141 popm,
665 4078 731 4126 mh
782 4050 810 4100 C.
820 4050 844 4110 5,
853 4050 895 4110 25,
907 4049 948 4099 td:
960 4062 1007 4097 nec
1018 4051 1057 4098 dii
1069 4050 1183 4098 rtuennt.
1202 4049 1281 4098 Sonst
1293 4063 1315 4098 s.
1327 4051 1435 4100 Ramsb.

76 4151 149 4200 illud.
161 4147 241 4209 Bous.
253 4149 320 4199 Flos.
332 4148 403 4198 leid.
415 4149 492 4198 Voss.
508 4149 529 4195 1.
542 4145 566 4196 ¹2.
589 4145 638 4194 Die
654 4144 730 4206 Vulg.
782 4119 898 4168 Gllmm·
911 4119 934 4176 l·
945 4117 978 4166 ⁰²
996 4129 1021 4177 p.
1037 4115 1093 4166 ¹³4·

77 4222 188 4266 stammt
203 4229 251 4266 sus
266 4217 331 4266 Mer.
348 4214 409 4266 dld.
427 4216 481 4266 und
497 4215 559 4264 wird
577 4227 626 4263 von
642 4213 668 4262 Ζ.
691 4213 730 4262 als
814 4222 880 4272 hta·
914 4219 985 4267 nona
999 4217 1083 4268 heissr
1095 4230 1123 4266 es
1139 4219 1177 4277 ιο,
1189 4217 1231 4278 23,
1243 4219 1270 4268 8:
1287 4220 1435 4270 Perdiccam

77 4285 152 4334 Cani.
169 4284 327 4334 bezeichnet.
364 4285 412 4334 llio
434 4283 524 4332 innare
540 4279 730 4330 Wabrschein-
781 4293 806 4338 pr
822 4289 994 4346 lamnarum,
1012 4287 1116 4347 stirpe
1133 4288 1224 4348 rapsa
1239 4290 1344 4350 penisos,

78 4351 184 4403 lichlseit
195 4352 240 4402 der
251 4352 362 4414 Vulgata
374 4351 410 4401 ist
421 4354 534 4414 grdsser.
817 4389 856 4448 ¹0,
865 4387 957 4447 ML
980 4391 1180 4449 leme·
1192 4386 1309 4440 vom:
1320 4389 1433 4451 quam,

111 4449 286 4499 melenus.
321 4444 347 4494 S.
360 4458 391 4493 zu
405 4444 429 4504 a,
442 4445 483 4501 21,
498 4442 538 4492 15.
781 4457 845 4509 Mer.
859 4455 918 4505 illd.
930 4454 1013 4506 blod:
1033 4457 1248 4518 quandocunque
1265 4468 1286 4505 s.
1298 4469 1330 4505 za
1345 4457 1383 4516 11),
1394 4455 1432 4511 111,

115 4538 259 4599 10,2tt,18.
294 4542 384 4598 Quod
397 4537 591 4598 expectabat,
604 4538 731 4598 mete-
782 4525 809 4576 9²
827 4524 988 4588 WWW·

77 4611 139 4660 Μ·
173 4605 245 4658 Μ·
261 4606 326 4654 ”³⁰¹¹
340 4603 425 4653 0⁰⁰¹*
443 4605 512 4667 qm
523 4603 666 4666 appetem
684 4617 731 4652 π’
814 4628 966 4679 dubitetis
982 4630 1014 4674 st.
1031 4625 1158 4676 dubitatis
1168 4627 1233 4675 nacla
1245 4627 1274 4676 ll.
1289 4629 1310 4675 1.
1323 4625 1346 4674 2.
1364 4621 1431 4669 Flar.

76 4680 197 4736 peceare,
216 4673 264 4723 mn
275 4674 395 4722 narseus.
781 4695 851 4744 nera.
868 4695 944 4743 voss.
959 4695 981 4743 ι.
1014 4692 1150 4743 auerterent
1166 4695 1201 4743 ssa
1217 4707 1250 4742 ee
1265 4687 1430 4752 sanctones.

111 4764 314 4822 purulentus.
347 4758 433 4820 Vergl.
450 4769 482 4806 zu
494 4756 519 4818 3,
532 4757 573 4817 28,
585 4756 614 4805 21
635 4769 660 4817 p.
676 4753 731 4804 134.
781 4763 829 4816 Dte
838 4761 947 4821 Vulgata
957 4761 1022 4811 lasst
1034 4761 1088 4811 stcb
1101 4761 1191 4811 indess
1202 4763 1272 4810 ment
1282 4753 1432 4818 guraalten,

115 4853 153 4912 ιο,
165 4853 207 4912 21,
219 4853 261 4902 20,
289 4859 364 4905 m,
384 4851 511 4902 Heinsius
521 4851 681 4900 qemuqm,
689 4863 729 4907 m,
781 4843 854 4882 uena
868 4829 915 4878 der
926 4828 984 4878 Sata
995 4829 1034 4878 uls
1045 4829 1126 4891 Frage
1137 4839 1290 4890 genommen
1302 4821 1375 4870 wird.

82 4921 129 4970 mit
139 4921 259 4970 Uarecbt.
294 4919 320 4970 S.
333 4933 366 4971 za
378 4922 401 4980 t,
414 4918 455 4980 25,
467 4917 492 4969 1.
816 4932 855 4992 10,
867 4930 908 4991 21,
920 4930 962 4980 22,
995 4935 1042 4982 ιιι
1059 4936 1109 4984 ιι.
1128 4933 1161 4979 st.
1176 4940 1209 4975 eu
1225 4927 1261 4973 sir
1278 4922 1343 4971 nach
1358 4917 1432 4971 Mod.

114 5007 230 5058 sierint
246 5006 279 5052 st
298 5003 482 5054 uacuntnacb
498 5002 529 5051 1).
542 5003 572 5051 P.
585 5001 649 5051 lul.
662 4999 728 5052 Flor.
780 4999 939 5061 nonanes.
957 4997 1033 5049 Saul.
1201 5055 1235 5105 58
